<?xml version="1.0" encoding="UTF-8"?><record xmlns="http://www.loc.gov/MARC21/slim" xmlns:cinclude="http://apache.org/cocoon/include/1.0" xmlns:zs="http://www.loc.gov/zing/srw/">
  <leader>00370nz  a2200121n  4500</leader>
  <controlfield tag="001">n  89633599 </controlfield>
  <controlfield tag="003">DLC</controlfield>
  <controlfield tag="005">19890608133401.0</controlfield>
  <controlfield tag="008">890608n| acannaab|          |n aad |||  </controlfield>
  <datafield tag="010" ind1=" " ind2=" ">
    <subfield code="a">n  89633599 </subfield>
  </datafield>
  <datafield tag="040" ind1=" " ind2=" ">
    <subfield code="a">DLC</subfield>
    <subfield code="c">DLC</subfield>
  </datafield>
  <datafield tag="100" ind1="1" ind2="0">
    <subfield code="a">Shine, K. P.</subfield>
  </datafield>
  <datafield tag="670" ind1=" " ind2=" ">
    <subfield code="a">nuc89-58877: Author's Cryosphere-cloud interactions near ... 1983?</subfield>
    <subfield code="b">(hdg. on CoFS rept.: Shine, K. P.; usage: K.P. Shine)</subfield>
  </datafield>
</record>